<record><leader>00000cas a2200000 a 4500</leader><controlfield tag="001">25717612</controlfield><controlfield tag="008">920427d19071911ctudr ne      0    0eng c</controlfield><datafield ind1=" " ind2=" " tag="010"><subfield code="a">sn 92051237 </subfield></datafield><datafield ind1=" " ind2=" " tag="040"><subfield code="a">CNW</subfield><subfield code="b">eng</subfield><subfield code="c">CNW</subfield><subfield code="d">CUI</subfield><subfield code="d">OCLCQ</subfield><subfield code="d">OCLCF</subfield></datafield><datafield ind1="1" ind2=" " tag="029"><subfield code="a">AU@</subfield><subfield code="b">000020698695</subfield></datafield><datafield ind1=" " ind2=" " tag="042"><subfield code="a">pcc</subfield></datafield><datafield ind1=" " ind2=" " tag="043"><subfield code="a">n-us-ct</subfield></datafield><datafield ind1=" " ind2="4" tag="050"><subfield code="a">AN</subfield></datafield><datafield ind1="0" ind2=" " tag="130"><subfield code="a">Hartford evening post (Hartford, Conn. : 1907)</subfield></datafield><datafield ind1="1" ind2="0" tag="245"><subfield code="a">Hartford evening post.</subfield></datafield><datafield ind1="1" ind2=" " tag="246"><subfield code="i">Sunday issues for Nov. 22, 1908-1911 have title:</subfield><subfield code="a">Hartford Sunday post</subfield></datafield><datafield ind1=" " ind2=" " tag="260"><subfield code="a">Hartford, Conn. :</subfield><subfield code="b">Evening Post Assoc.</subfield></datafield><datafield ind1=" " ind2=" " tag="300"><subfield code="a">v.</subfield></datafield><datafield ind1=" " ind2=" " tag="310"><subfield code="a">Daily,</subfield><subfield code="b">Nov. 22, 1908-1911</subfield></datafield><datafield ind1=" " ind2=" " tag="321"><subfield code="a">Daily (except Sun.),</subfield><subfield code="b">1907-Nov. 21, 1908</subfield></datafield><datafield ind1="0" ind2=" " tag="362"><subfield code="a">Vol. 50, no. 54 (Mar. 4, 1907)-v. 56, no. 205 (Sept. 6, 1911).</subfield></datafield><datafield ind1=" " ind2=" " tag="515"><subfield code="a">Sunday issues have their own numbering.</subfield></datafield><datafield ind1=" " ind2=" " tag="530"><subfield code="a">Also issued on microfilm from Connecticut State Library, Hartford, CT.</subfield></datafield><datafield ind1=" " ind2="0" tag="651"><subfield code="a">Hartford (Conn.)</subfield><subfield code="v">Newspapers.</subfield></datafield><datafield ind1=" " ind2="0" tag="651"><subfield code="a">Hartford County (Conn.)</subfield><subfield code="v">Newspapers.</subfield></datafield><datafield ind1=" " ind2="7" tag="655"><subfield code="a">Newspapers.</subfield><subfield code="2">fast</subfield><subfield code="0">(OCoLC)fst01423814</subfield></datafield><datafield ind1=" " ind2="7" tag="651"><subfield code="a">Connecticut</subfield><subfield code="z">Hartford.</subfield><subfield code="2">fast</subfield><subfield code="0">(OCoLC)fst01207441</subfield></datafield><datafield ind1=" " ind2="7" tag="651"><subfield code="a">Connecticut</subfield><subfield code="z">Hartford County.</subfield><subfield code="2">fast</subfield><subfield code="0">(OCoLC)fst01211874</subfield></datafield><datafield ind1=" " ind2=" " tag="752"><subfield code="a">United States</subfield><subfield code="b">Connecticut</subfield><subfield code="c">Hartford</subfield><subfield code="d">Hartford.</subfield></datafield><datafield ind1="0" ind2="0" tag="780"><subfield code="t">Evening post (Hartford, Conn. : 1904)</subfield><subfield code="w">(DLC)sn 92051236</subfield><subfield code="w">(OCoLC)25719631</subfield></datafield><datafield ind1="0" ind2="0" tag="785"><subfield code="t">Hartford post (Hartford, Conn. : 1911)</subfield><subfield code="w">(DLC)sn 00061025</subfield><subfield code="w">(OCoLC)45624787</subfield></datafield></record>